<record><leader>00000cas a2200000 a 4500</leader><controlfield tag="001">11130968</controlfield><controlfield tag="008">840907d19611968hiuwr ne      0   a0eng d</controlfield><datafield ind1=" " ind2=" " tag="010"><subfield code="a">sn 85047065 </subfield></datafield><datafield ind1=" " ind2=" " tag="040"><subfield code="a">HUH</subfield><subfield code="b">eng</subfield><subfield code="c">HUH</subfield><subfield code="d">HWN</subfield><subfield code="d">OCL</subfield><subfield code="d">OCLCQ</subfield></datafield><datafield ind1=" " ind2=" " tag="042"><subfield code="a">msc</subfield></datafield><datafield ind1=" " ind2=" " tag="043"><subfield code="a">n-us-hi</subfield></datafield><datafield ind1=" " ind2="4" tag="050"><subfield code="a">AN2</subfield><subfield code="b">.K66</subfield></datafield><datafield ind1="0" ind2=" " tag="130"><subfield code="a">Kona torch (Kailua, Hawaii Island, Hawaii)</subfield></datafield><datafield ind1="1" ind2="0" tag="245"><subfield code="a">Kona torch.</subfield></datafield><datafield ind1=" " ind2=" " tag="260"><subfield code="a">Kailua, Kona, Hawaii :</subfield><subfield code="b">J. Lenk,</subfield><subfield code="c">1961-1968.</subfield></datafield><datafield ind1=" " ind2=" " tag="300"><subfield code="a">8 v. :</subfield><subfield code="b">ill. ;</subfield><subfield code="c">28 cm.</subfield></datafield><datafield ind1=" " ind2=" " tag="310"><subfield code="a">Weekly</subfield></datafield><datafield ind1="0" ind2=" " tag="362"><subfield code="a">Vol. 1, no. 1 (July 20, 1961)-v. 8, no. 17 (Apr. 25, 1968).</subfield></datafield><datafield ind1=" " ind2=" " tag="500"><subfield code="a">Editor: J. Lenk.</subfield></datafield><datafield ind1=" " ind2="0" tag="651"><subfield code="a">Kona (Hawaii Island, Hawaii)</subfield><subfield code="v">Periodicals.</subfield></datafield><datafield ind1="1" ind2=" " tag="700"><subfield code="a">Lenk, John.</subfield></datafield><datafield ind1=" " ind2=" " tag="752"><subfield code="a">United States</subfield><subfield code="b">Hawaii</subfield><subfield code="c">Hawaii</subfield><subfield code="d">Kailua-Kona.</subfield></datafield><datafield ind1="0" ind2="0" tag="785"><subfield code="t">Kona torch (Inglewood, Calif.)</subfield><subfield code="w">(DLC)sn 85047066</subfield><subfield code="w">(OCoLC)11130933</subfield></datafield></record>